<?xml version="1.0" encoding="UTF-8"?><collection xmlns="http://www.loc.gov/MARC21/slim"><record><leader>00498nam--2200181-u-4500</leader><controlfield tag="001">000050979</controlfield><controlfield tag="002">20161230</controlfield><controlfield tag="005">20161230201049</controlfield><controlfield tag="008">080506s1000------------r-----000-0-eng-d</controlfield><datafield ind1=" " ind2=" " tag="040"><subfield code="a">IFIN-HH</subfield></datafield><datafield ind1=" " ind2=" " tag="080"><subfield code="a">51</subfield></datafield><datafield ind1="1" ind2=" " tag="100"><subfield code="a">Vekua,N.P.(red.)</subfield></datafield><datafield ind1="1" ind2="0" tag="245"><subfield code="a">Voprosy Predstavleniya Chisel Kvadratichnymi Formami. Sbornik Rabot po Teorii Chisel</subfield><subfield code="c">N.P. Vekua (red.)</subfield></datafield><datafield ind1=" " ind2=" " tag="260"><subfield code="a">Tbilisi</subfield><subfield code="b">Metsniereba</subfield><subfield code="c">1977</subfield></datafield><datafield ind1=" " ind2=" " tag="300"><subfield code="a">100p</subfield></datafield><datafield ind1=" " ind2=" " tag="490"><subfield code="v">Vyp.3</subfield></datafield><datafield ind1=" " ind2=" " tag="852"><subfield code="a">45802</subfield><subfield code="c">511.2</subfield></datafield><datafield ind1=" " ind2=" " tag="CAT"><subfield code="a">Sys</subfield><subfield code="c">20111110</subfield><subfield code="h">153933</subfield></datafield></record></collection>